@online{swagger,
    title  = {OpenAPI Specification},
    author = {Swagger},
    url    = {https://swagger.io/specification/}
}